% Encoding: UTF-8

@Book{Wooldridge2002,
  author    = {Wooldridge, Jeffrey M},
  title     = {Econometric Analysis of Cross-Section and Panel Data},
  year      = {2002},
  publisher = {MIT press},
}

@Book{Hsiao2003,
  author    = {Hsiao, Cheng},
  title     = {Analysis of panel data},
  year      = {2003},
  edition   = {2},
  number    = {54},
  publisher = {Cambridge university press},
}

@Article{Dormont1989,
  author    = {Dormont, Brigitte},
  title     = {Petite apologie des donn{\'e}es de panel},
  journal   = {Economie \& pr{\'e}vision},
  year      = {1989},
  volume    = {87},
  number    = {1},
  pages     = {19--32},
  publisher = {Minist{\`e}re de l'{\'E}conomie},
}

@Article{Croissant2008,
  author  = {Croissant, Yves and Millo, Giovanni and others},
  title   = {Panel data econometrics in R: The plm package},
  journal = {Journal of statistical software},
  year    = {2008},
  volume  = {27},
  number  = {2},
  pages   = {1--43},
}

@Book{Baltagi2008,
  author    = {Baltagi, Badi},
  title     = {Econometric analysis of panel data},
  year      = {2008},
  publisher = {John Wiley \& Sons},
}

@Book{Angrist2008,
  author    = {Angrist, Joshua D and Pischke, J{\"o}rn-Steffen},
  title     = {Mostly harmless econometrics: An empiricist's companion},
  year      = {2008},
  publisher = {Princeton university press},
}

@Comment{jabref-meta: databaseType:biblatex;}
